@book{patterson:2014,
  title     = {Organização e Projetos de Computadores: A interface hardware / software},
  author    = {David A. Patterson and Jonh L. Hennessy},
  edition   = {4ª},
  year      = {2014},
  publisher = {[tradução Daniel Vieira], Elsevier, Rio de Janeiro}
}

@book{hennessy:2019,
  title     = {Arquitetura de Computadores: Uma Abordagem Quantitativa},
  author    = {Jonh L. Hennessy and David A. Patterson},
  edition   = {6ª},
  year      = {2019},
  publisher = {[tradução Daniel Vieira], Elsevier, Rio de Janeiro}
}

@article{lucas:2019,
  author  = {Lucas Oliveira Pimenta dos Reis and Liana Dessandre Duenha},
  journal = {International Journal of Computer Architecture Education (IJCAE)},
  title   = {TFSim: um simulador do algoritmo de Tomasulo para apoio ao ensino
             de arquiteturas superescalares},
  year    = {2019},
  volume  = {8},
  number  = {1},
  pages   = {17-26}
}

